@article{Nussinov2013,
    author = "Nussinov, R and Tsai, C J",
    title = "{Allostery in Disease and in Drug Discovery}",
    journal = "Cell",
    year = "2013",
    volume = "153",
    pages = "293--305",
}
@article{Motlagh2014,
    author = "Motlagh, H N and Wrabl, J O and Li, J and Hilser, V J",
    title = "{The ensemble nature of allostery}",
    journal = "Nature",
    year = "2014",
    volume = "508",
    pages = "331--339",
}
@article{Cui2008,
    author = "Cui, Q and Karplus, M",
    title = "{Allostery and cooperativity revisited}",
    journal = "Protein Sci",
    year = "2008",
    volume = "17",
    number = "8",
    pages = "1295--1307",
}
@article{Wenthur2014,
    author = "Wenthur, C J and Gentry, P R and Mathews, T P and Lindsley, C W",
    title = "{Drugs for Allosteric Sites on Receptors}",
    journal = "Annu Rev Pharmacol",
    year = "2014",
    volume = "54",
    pages = "165--184",
}
@article{SchuelerFurman2016,
    author = "Schueler-Furman, O and Wodak, S J",
    title = "{Computational approaches to investigating allostery}",
    journal = "Curr Opin Struct Biol",
    year = "2016",
    volume = "41",
    pages = "159--171",
}
@article{Guarnera2016,
    author = "Guarnera, E and Berezovsky, I N",
    title = "{Allosteric sites: remote control in regulation of protein activity}",
    journal = "Curr Opin Struct Biol",
    year = "2016",
    volume = "37",
    pages = "1--8",
}
@article{Wagner2016,
    author = "Wagner, J R and Lee, C T and Durrant, J D and Malmstrom, R D and Feher, V A and Amaro, R E",
    title = "{Emerging Computational Methods for the Rational Discovery of Allosteric Drugs}",
    journal = "Chem Rev",
    year ="2016",
    volume = "116",
    number = "11",
    pages = "6370--6390",
}
@article{Lu2014,
    author = "Lu, S and Huang, W and Zhang, J",
    title = "{Recent computational advances in the identification of allosteric sites in proteins}",
    journal = "Drug Discov Today",
    year = "2014",
    volume = "19",
    number = "10",
    pages = "1595--1600",
}
@article{Kamata2004,
    author = "Kamata, K and Mitsuya, M and Nishimura, T and Eiki, J and Nagata, Y",
    title = "{Structural basis for allosteric regulation of the monomeric allosteric enzyme human glucokinase}",
    journal = "Structure",
    year = "2004",
    volume = "12",
    number = "3",
    pages = "429--438",
}
@article{Wellington2017,
    author = "Wellington, S and Nag, P P and Michalska, K and Johnston, S E and Jedrzejczak, R P and Kaushik, V K and Clatworthy, A E and Siddiqi, N and McCarren, P and Bajrami, B and Maltseva, N I and Combs, S and Fisher, S L and Joachimiak, A and Schreiber, S L and Hung, D T",
    title = "{A small-molecule allosteric inhibitor of Mycobacterium tuberculosis tryptophan synthase}",
    journal = "Nat Chem Biol",
    year = "2017",
}
@article{Brecher2017,
    author = "Brecher, M and Li, Z and Liu, B and Zhang, J and Koetzner, C A and Alifarag, A and Jones, S A and Lin, Q and Kramer, L D and Li, H",
    title = "{{A} conformational switch high-throughput screening assay and allosteric inhibition of the flavivirus {N}{S}2{B}-{N}{S}3 protease}",
    journal = "PLoS Pathog",
    year = "2017",
    volume = "13",
    number = "5",
    pages = "e1006411",
}
@article{Haselbach2017,
    author = "Haselbach, D and Schrader, J and Lambrecht, F and Henneberg, F and Chari, A and Stark, H",
    title = "{{L}ong-range allosteric regulation of the human 26{S} proteasome by 20{S} proteasome-targeting cancer drugs}",
    journal = "Nat Commun",
    year = "2017",
    volume = "8",
    pages = "15578",
}
@article{Ye2017,
    author = "Ye, W and Qian, T and Liu, H and Luo, R and Chen, H F",
    title = "{{A}llosteric {A}utoinhibition {P}athway in {T}ranscription {F}actor {E}{R}{G}: {D}ynamics {N}etwork and {M}utant {E}xperimental {E}valuations}",
    journal = "J Chem Inf Model",
    year = "2017",
    volume = "57",
    number = "5",
    pages = "1153--1165",
}
@article{Tang2017,
    author = "Tang, Q and Alontaga, A Y and Holyoak, T and Fenton, A W",
    title = "{{E}xploring the limits of the usefulness of mutagenesis in studies of allosteric mechanisms}",
    journal = "Hum Mutat",
    year = "2017",
}
@article{Pellerano2017,
    author = "Pellerano, M and Tcherniuk, S and Perals, C and Ngoc Van, T N and Garcin, E and Mahuteau-Betzer, F and Teulade-Fichou, M P and Morris, M C",
    title = "{Targeting Conformational Activation of CDK2 Kinase}",
    journal = "Biotechnol J",
    year = "2017",
}
@article{Martin2012,
    author = "Martin, M P and Alam, R and Betzi, S and Ingles, D J and Zhu, J Y and Schonbrunn, E",
    title = "{{A} novel approach to the discovery of small-molecule ligands of {C}{D}{K}2}",
    journal = "Chembiochem",
    year = "2012",
    volume = "13",
    number = "14",
    pages = "2128--2136",
}
@article{Jayakar2017,
    author = "Jayakar, S S and Ang, G and Chiara, D C and Hamouda, A K",
    title = "{{P}hotoaffinity {L}abeling of {P}entameric {L}igand-{G}ated {I}on {C}hannels: {A} {P}roteomic {A}pproach to {I}dentify {A}llosteric {M}odulator {B}inding {S}ites}",
    journal = "Methods Mol Biol",
    year = "2017",
    volume = "1598",
    pages = "157--197",
}
@article{Greener2015,
    author = "Greener, J G and Sternberg, M J E",
    title = "{AlloPred: prediction of allosteric pockets on proteins using normal mode perturbation analysis}",
    journal = "BMC Bioinformatics",
    year = "2015",
    volume = "16",
    number = "335",
    pages = "1--7",
}
@article{Pisco2017,
    author = "Pisco, J P and de Chiara, C and Pacholarz, K J and Garza-Garcia, A and Ogrodowicz, R W and Walker, P A and Barran, P E and Smerdon, S J and de Carvalho, L P S",
    title = "{Uncoupling conformational states from activity in an allosteric enzyme}",
    journal = "Nat Commun",
    year = "2017",
    volume = "8",
    number = "203",
    pages = "1--10",
}
@article{Raman2014,
    author = "Raman, S and Taylor, N and Genuth, N and Fields, S and Church, G M",
    title = "{Engineering allostery}",
    journal = "Trends Genet",
    year = "2014",
    volume = "30",
    number = "12",
    pages = "521--528",
}
@article{Guarnera2017,
    author = "Guarnera, E and Tan, Z W and Zheng, Z and Berezovsky, I N",
    title = "{AlloSigMA: allosteric signaling and mutation analysis server}",
    journal = "Bioinformatics",
    year = "2017",
}
@article{Huang2013,
    author = "Huang, W and Lu, S and Huang, Z and Liu, X and Mou, L and Luo, Y and Zhao, Y and Liu, Y and Chen, Z and Hou, T and Zhang, J",
    title = "{Allosite: a method for predicting allosteric sites}",
    journal = "Bioinformatics",
    year = "2013",
    volume = "29",
    number = "18",
    pages = "2357--2359",
}
@article{Weinkam2012,
    author = "Weinkam, P and Pons, J and Sali, A",
    title = "{Structure-based model of allostery predicts coupling between distant sites}",
    journal = "Proc Natl Acad Sci USA",
    year = "2012",
    volume = "109",
    number = "13",
    pages = "4875--4880",
}
@article{Li2017,
    author = "Wasmuth, E V and Lima, C D",
    title = "{{T}he {R}rp6 {C}-terminal domain binds {R}{N}{A} and activates the nuclear {R}{N}{A} exosome}",
    journal = "Nucleic Acids Res",
    year = "2017",
    volume = "45",
    number = "2",
    pages = "846--860",
}
@article{Greener2017,
    author = "Greener, J G and Filippis, I and Sternberg, M J E",
    title = "{{P}redicting {P}rotein {D}ynamics and {A}llostery {U}sing {M}ulti-{P}rotein {A}tomic {D}istance {C}onstraints}",
    journal = "Structure",
    year = "2017",
    volume = "25",
    number = "3",
    pages = "546--558",
}
@article{Kaya2013,
    author = "Kaya, C and Armutlulu, A and Ekesan, S and Haliloglu, T",
    title = "{MCPath: Monte Carlo path generation approach to predict likely allosteric pathways and functional residues}",
    journal = "Nucleic Acids Res",
    year = "2013",
    volume = "41",
    pages = "W249--W255",
}
@article{Panjkovich2012,
    author = "Panjkovich, A and Daura, X",
    title = "{Exploiting protein flexibility to predict the location of allosteric sites}",
    journal = "BMC Bioinformatics",
    year = "2012",
    volume = "13",
    number = "273",
    pages = "1--12",
}
@article{Panjkovich2014,
    author = "Panjkovich, A and Daura, X",
    title = "{PARS: a web server for the prediction of Protein Allosteric and Regulatory Sites}",
    journal = "Bioinformatics",
    year = "2014",
    volume = "30",
    number = "9",
    pages = "1314--1315",
}
@article{Goncearenco2013,
    author = "Goncearenco, A and Mitternacht, S and Yong, T and Eisenhaber, B and Eisenhaber, F and Berezovsky, I N",
    title = "{SPACER: server for predicting allosteric communication and effects of regulation}",
    journal = "Nucleic Acids Res",
    year = "2013",
    volume = "41",
    pages = "W266--W272",
}
@article{Clarke2016,
    author = "Clarke, D and Sethi, A and Li, S and Kumar, S and Chang, R W and Chen, J and Gerstein, M",
    title = "{Identifying Allosteric Hotspots with Dynamics: Application to Inter- and Intra-species Conservation}",
    journal = "Structure",
    year = "2016",
    volume = "24",
    number = "5",
    pages = "826--837",
}
@article{Huang2006,
    author = "Huang, B and Schroeder, M",
    title = "{LIGSITE\textsuperscript{\it csc}: predicting ligand binding sites using the Connolly surface and degree of conservation}",
    journal = "BMC Struct Biol",
    year = "2006",
    volume = "6",
    number = "19",
}
@article{LeGuilloux2009,
    author = "Le Guilloux, V and Schmidtke, P and Tuffery, P",
    title = "{Fpocket: An open source platform for ligand pocket detection}",
    journal = "BMC Bioinformatics",
    year = "2009",
    volume = "10",
    number = "168",
}
@article{Mitternacht2011,
    author = "Mitternacht, S and Berezovsky, I N",
    title = "{Binding Leverage as a Molecular Basis for Allosteric Regulation}",
    journal = "PLoS Comput Biol",
    year = "2011",
    volume = "7",
    number = "9",
    pages = "e1002148",
}
@article{Chen2016,
    author = "Chen, A S Y and Westwood, N J and Brear, P and Rogers, G W and Mavridis, L and Mitchell, J B O",
    title = "{A Random Forest Model for Predicting Allosteric and Functional Sites on Proteins}",
    journal = "Mol Inf",
    year = "2016",
    volume = "35",
    number = "3-4",
    pages = "125--135",
}
@article{Pontiggia2015,
    author = "Pontiggia, F and Pachov, D V and Clarkson, M W and Villali, J and Hagan, M F and Pande, V S and Kern, D",
    title = "{{F}ree energy landscape of activation in a signalling protein at atomic resolution}",
    journal = "Nat Commun",
    year = "2015",
    volume = "6",
    pages = "7284",
}
@article{Penkler2017,
    author = "Penkler, D and Sensoy, O and Atilgan, C and Tastan Bishop, O",
    title = "{{P}erturbation-{R}esponse {S}canning {R}eveals {K}ey {R}esidues for {A}llosteric {C}ontrol in {H}sp70}",
    journal = "J Chem Inf Model",
    year = "2017",
    volume = "57",
    number = "6",
    pages = "1359--1374",
}
@article{Suel2003,
    author = "Suel, G M and Lockless, S W and Wall, M A and Ranganathan, R",
    title = "{{E}volutionarily conserved networks of residues mediate allosteric communication in proteins}",
    journal = "Nat Struct Biol",
    year = "2003",
    volume = "10",
    number = "1",
    pages = "59--69",
}
@article{Reynolds2011,
    author = "Reynolds, K A and McLaughlin, R N and Ranganathan, R",
    title = "{{H}ot spots for allosteric regulation on protein surfaces}",
    journal = "Cell",
    year = "2011",
    volume = "147",
    number = "7",
    pages = "1564--1575",
}
@article{Anishchenko2017,
    author = "Anishchenko, I and Ovchinnikov, S and Kamisetty, H and Baker, D",
    title = "{Origins of coevolution between residues distant in protein 3D structures}",
    journal = "Proc Natl Acad Sci USA",
    year = "2017",
    volume = "114",
    number = "34",
    pages = "9122--9127",
}
@article{Amor2016,
    author = "Amor, B R and Schaub, M T and Yaliraki, S N and Barahona, M",
    title = "{{P}rediction of allosteric sites and mediating interactions through bond-to-bond propensities}",
    journal = "Nat Commun",
    year = "2016",
    volume = "7",
    pages = "12477",
}
@article{Kozakov2015,
    author = "Kozakov, D and Grove, L E and Hall, D R and Bohnuud, T and Mottarella, S E and Luo, L and Xia, B and Beglov, D and Vajda, S",
    title = "{The FTMap family of web servers for determining and characterizing ligand-binding hot spots of proteins}",
    journal = "Nat Protoc",
    year = "2015",
    volume = "10",
    number = "5",
    pages = "733--755",
}
@article{Ghanakota2016,
    author = "Ghanakota, P and Carlson, H A",
    title = "{{M}oving {B}eyond {A}ctive-{S}ite {D}etection: {M}ix{M}{D} {A}pplied to {A}llosteric {S}ystems}",
    journal = "J Phys Chem B",
    year = "2016",
    volume = "120",
    number = "33",
    pages = "8685--8695",
}
@article{DelSol2009,
    author = "del Sol, A and Tsai, C J and Ma, B and Nussinov, R",
    title = "{{T}he origin of allosteric functional modulation: multiple pre-existing pathways}",
    journal = "Structure",
    year = "2009",
    volume = "17",
    number = "8",
    pages = "1042--1050",
}
@article{Dokholyan2016,
    author = "Dokholyan, N V",
    title = "{Controlling Allosteric Networks in Proteins}",
    journal = "Chem Rev",
    year = "2016",
    volume = "116",
    number = "11",
    pages = "6463--6487",
}
@article{Demerdash2009,
    author = "Demerdash, O N A and Daily, M D and Mitchell, J C",
    title = "{Structure-Based Predictive Models for Allosteric Hot Spots}",
    journal = "PLoS Comput Biol",
    year = "2009",
    volume = "5",
    number = "10",
    pages = "e1000531",
}
@article{Dagliyan2016,
    author = "Dagliyan, O and Tarnawski, M and Chu, P H and Shirvanyants, D and Schlichting, I and Dokholyan, N V and Hahn, K M",
    title = "{{E}ngineering extrinsic disorder to control protein activity in living cells}",
    journal = "Science",
    year = "2016",
    volume = "354",
    number = "6318",
    pages = "1441--1444",
}
@article{Buchenberg2017,
    author = "Buchenberg, S and Sittel, F and Stock, G",
    title = "{Time-resolved observation of protein allosteric communication}",
    journal = "Proc Natl Acad Sci USA",
    year = "2017",
    volume = "114",
    number = "33",
    pages = "E6804--E6811",
}
@article{Boehr2009,
    author = "Boehr, D D and Nussinov, R and Wright, P E",
    title = "{The role of dynamic conformational ensembles in biomolecular recognition}",
    journal = "Nat Chem Biol",
    year = "2009",
    volume = "5",
    number = "11",
    pages = "789--796",
}
@article{Lee2016,
    author = "Lee, C J and Liang, X and Wu, Q and Najeeb, J and Zhao, J and Gopalaswamy, R and Titecat, M and Sebbane, F and Lemaitre, N and Toone, E J and Zhou, P",
    title = "{{D}rug design from the cryptic inhibitor envelope}",
    journal = "Nat Commun",
    year = "2016",
    volume = "7",
    pages = "10638",
}
@article{Cimermancic2016,
    author = "Cimermancic, P and Weinkam, P and Rettenmaier, T J and Bichmann, L and Keedy, D A and Woldeyes, R A and Schneidman-Duhovny, D and Demerdash, O N and Mitchell, J C and Wells, J A and Fraser, J S and Sali, A",
    title = "{CryptoSite: Expanding the Druggable Proteome by Characterization and Prediction of Cryptic Binding Sites}",
    journal = "J Mol Biol",
    year = "2016",
    volume = "428",
    number = "4",
    pages = "709--719",
}
@article{Bowman2015,
    author = "Bowman, G R and Bolin, E R and Hart, K M and Maguire, B C and Marqusee, S",
    title = "{Discovery of multiple hidden allosteric sites by combining Markov state models and experiments}",
    journal = "Proc Natl Acad Sci USA",
    year = "2015",
    volume = "112",
    number = "9",
    pages = "2734--2739",
}
@article{Hart2017,
    author = "Hart, K M and Moeder, K E and Ho, C M W and Zimmerman, M I and Frederick, T E and Bowman, G R",
    title = "{Designing small molecules to target cryptic pockets yields both positive and negative allosteric modulators}",
    journal = "PLoS One",
    year = "2017",
    volume = "12",
    number = "6",
    pages = "e0178678",
}
@article{Oleinikovas2016,
    author = "Oleinikovas, V and Saladino, G and Cossins, B P and Gervasio, F L",
    title = "{{U}nderstanding {C}ryptic {P}ocket {F}ormation in {P}rotein {T}argets by {E}nhanced {S}ampling {S}imulations}",
    journal = "J Am Chem Soc",
    year = "2016",
    volume = "138",
    number = "43",
    pages = "14257--14263",
}
@article{Makhlynets2015,
    author = "Makhlynets, O V and Raymond, E A and Korendovych, I V",
    title = "{Design of allosterically regulated protein catalysts}",
    journal = "Biochemistry",
    year = "2015",
    volume = "54",
    number = "7",
    pages = "1444--1456",
}
@article{Oakes2016,
    author = "Oakes, B L and Nadler, D C and Flamholz, A and Fellmann, C and Staahl, B T and Doudna, J A and Savage, D F",
    title = "{{P}rofiling of engineering hotspots identifies an allosteric {C}{R}{I}{S}{P}{R}-{C}as9 switch}",
    journal = "Nat Biotechnol",
    year = "2016",
    volume = "34",
    number = "6",
    pages = "646--651",
}
@article{Choi2015,
    author = "Choi, J H and Laurent, A H and Hilser, V J and Ostermeier, M",
    title = "{Design of protein switches based on an ensemble model of allostery}",
    journal = "Nat Commun",
    year = "2015",
    volume = "6",
    number = "6968",
    pages = "1--9",
}
@article{Taylor2016,
    author = "Taylor, N D and Garruss, A S and Moretti, R and Chan, S and Arbing, M A and Cascio, D and Rogers, J K and Isaacs, F J and Kosuri, S and Baker, D and Fields, S and Church, G M and Raman, S",
    title = "{{E}ngineering an allosteric transcription factor to respond to new ligands}",
    journal = "Nat Methods",
    year = "2016",
    volume = "13",
    number = "2",
    pages = "177--183",
}
@article{Dagliyan2013,
    author = "Dagliyan, O and Shirvanyants, D and Karginov, A V and Ding, F and Fee, L and Chandrasekaran, S N and Freisinger, C M and Smolen, G A and Huttenlocher, A and Hahn, K M and Dokholyan, N V",
    title = "{{R}ational design of a ligand-controlled protein conformational switch}",
    journal = "Proc Natl Acad Sci USA",
    year = "2013",
    volume = "110",
    number = "17",
    pages = "6800--6804",
}
@article{Xu2017,
    author = "Xu, Q and Tang, Q and Katsonis, P and Lichtarge, O and Jones, D and Bovo, S and Babbi, G and Martelli, P L and Casadio, R and Lee, G R and Seok, C and Fenton, A W and Dunbrack, R L",
    title = "{{B}enchmarking predictions of allostery in liver pyruvate kinase in {C}{A}{G}{I}4}",
    journal = "Hum Mutat",
    year = "2017",
}
@article{Moult2016,
    author = "Moult, J and Fidelis, K and Kryshtafovych, A and Schwede, T and Tramontano, A",
    title = "{Critical assessment of methods of protein structure prediction: Progress and new directions in round XI}",
    journal = "Proteins",
    year = "2016",
    volume = "84 Suppl 1",
    pages = "4--14",
}
@article{Huang2015,
    author  = "Huang, W and Wang, G and Shen, Q and Liu, X and Lu, S and Geng, L and Huang, Z and Zhang, J",
    title   = "{ASBench: benchmarking sets for allosteric discovery}",
    journal = "Bioinformatics",
    year = "2015",
    volume = "31",
    number = "15",
    pages = "2598--2600",
}
@article{Shen2016,
    author = "Shen, Q and Wang, G and Li, S and Liu, X and Lu, S and Chen, Z and Song, K and Yan, J and Geng, L and Huang, Z and Huang, W and Chen, G and Zhang, J",
    title = "{ASD v3.0: unraveling allosteric regulation with structural mechanisms and biological networks}",
    journal = "Nucleic Acids Res",
    year = "2016",
    volume = "44",
    pages = "D527--D535",
}
@article{Motlagh2012,
    author = "Motlagh, H N and Hilser, V J",
    title = "{{A}gonism/antagonism switching in allosteric ensembles}",
    journal = "Proc Natl Acad Sci USA",
    year = "2012",
    volume = "109",
    number = "11",
    pages = "4134--4139",
}
@article{Nussinov2014,
    author = "Nussinov, R and Tsai, C J",
    title = "{Unraveling structural mechanisms of allosteric drug action}",
    journal = "Trends Pharmacol Sci",
    year = "2014",
    volume = "35",
    number = "5",
    pages = "256--264",
}
@article{Popovych2006,
    author = "Popovych, N and Sun, S and Ebright, R H and Kalodimos, C G",
    title = "{Dynamically driven protein allostery}",
    journal = "Nat Struct Mol Biol",
    year = "2006",
    volume = "13",
    number = "9",
    pages = "831--838",
}
@article{Capdevila2017,
    author = "Capdevila, D A and Braymer, J J and Edmonds, K A and Wu, H and Giedroc, D P",
    title = "{{E}ntropy redistribution controls allostery in a metalloregulatory protein}",
    journal = "Proc Natl Acad Sci USA",
    year = "2017",
    volume = "114",
    number = "17",
    pages = "4424--4429",
}
@article{Nussinov2015,
    author = "Nussinov, R and Tsai, C J",
    title = "{Allostery without a conformational change? Revisiting the paradigm}",
    journal = "Curr Opin Struc Biol",
    year = "2015",
    volume = "30",
    pages = "17--24",
}
@article{Kumawat2017,
    author = "Kumawat, A and Chakrabarty, S",
    title = "{{H}idden electrostatic basis of dynamic allostery in a {P}{D}{Z} domain}",
    journal = "Proc Natl Acad Sci USA",
    year = "2017",
}
@article{Liu2017,
    author = "Liu, J and Nussinov, R",
    title = "{Energetic redistribution in allostery to execute protein function}",
    journal = "Proc Natl Acad Sci USA",
    year = "2017",
}
@article{Buchli2013,
    author = "Buchli, B and Waldauer, S A and Walser, R and Donten, M L and Pfister, R and Blochliger, N and Steiner, S and Caflisch, A and Zerbe, O and Hamm, P",
    title = "{{K}inetic response of a photoperturbed allosteric protein}",
    journal = "Proc Natl Acad Sci USA",
    year = "2013",
    volume = "110",
    number = "29",
    pages = "11725--11730",
}
@article{Singh2017,
    author = "Singh, S and Bowman, G R",
    title = "{Quantifying Allosteric Communication via Both Concerted Structural Changes and Conformational Disorder with CARDS}",
    journal = "J Chem Theory Comput",
    year = "2017",
    volume = "13",
    number = "4",
    pages = "1509--1517",
}
@article{Wang2017,
    author = "Wang, J and Custer, G and Beckett, D and Matysiak, S",
    title = "{Long Distance Modulation of Disorder-to-Order Transitions in Protein Allostery}",
    journal = "Biochemistry",
    year = "2017",
}
@article{Lipinski2001,
    author = "Lipinski, C A and Lombardo, F and Dominy, B W and Feeney, P J",
    title = "{Experimental and computational approaches to estimate solubility and permeability in drug discovery and development settings}",
    journal = "Adv Drug Deliv Rev",
    year = "2001",
    volume = "46",
    number = "1-3",
    pages = "3--26",
}
@article{VanWesten2014,
    author = "van Westen, G J and Gaulton, A and Overington, J P",
    title = "{Chemical, target, and bioactive properties of allosteric modulation}",
    journal = "PLoS Comput Biol",
    year = "2014",
    volume = "10",
    number = "4",
    pages = "e1003559",
}
@article{Wang2012,
    author = "Wang, Q and Zheng, M and Huang, Z and Liu, X and Zhou, H and Chen, Y and Shi, T and Zhang, J",
    title = "{Toward understanding the molecular basis for chemical allosteric modulator design}",
    journal = "J Mol Graph Model",
    year = "2012",
    volume = "38",
    pages = "324--333",
}
@article{Ozorowski2017,
    author = "Ozorowski, G and Pallesen, J and de Val, N and Lyumkis, D and Cottrell, C A and Torres, J L and Copps, J and Stanfield, R L and Cupo, A and Pugach, P and Moore, J P and Wilson, I A and Ward, A B",
    title = "{Open and closed structures reveal allostery and pliability in the HIV-1 envelope spike}",
    journal = "Nature",
    year = "2017",
}
@article{Wootten2013,
    author = "Wootten, D and Christopoulos, A and Sexton, P M",
    title = "{Emerging paradigms in GPCR allostery: implications for drug discovery}",
    journal = "Nat Rev Drug Discov",
    year = "2013",
    volume = "12",
    number = "8",
    pages = "630--644",
}
@article{Csermely2013,
    author = "Csermely, P and Nussinov, R and Szil\'{a}gyi, A",
    title = "{From Allosteric Drugs to Allo-Network Drugs: State of the Art and Trends of Design, Synthesis and Computational Methods}",
    journal = "Curr Top Med Chem",
    year = "2013",
    volume = "13",
    number = "1",
    pages = "2-24",
}
@article{Panjkovich2010,
    author = "Panjkovich, A and Daura, X",
    title = "{Assessing the structural conservation of protein pockets to study functional and allosteric sites: implications for drug discovery}",
    journal = "BMC Struct Biol",
    year = "2010",
    volume = "10",
    number = "9",
    pages = "1--14",
}
@article{Balabin2009,
    author = "Balabin, I A and Yang, W and Beratan, D N",
    title = "{Coarse-grained modeling of allosteric regulation in protein receptors}",
    journal = "Proc Natl Acad Sci USA",
    year = "2009",
    volume = "106",
    number = "34",
    pages = "14253--14258",
}
@article{Qi2012,
    author = "Qi, Y and Wang, Q and Tang, B and Lai, L",
    title = "{Identifying Allosteric Binding Sites in Proteins with a Two-State G\={o} Model for Novel Allosteric Effector Discovery}",
    journal = "J Chem Theory Comput",
    year = "2012",
    volume = "8",
    pages = "2962--2971",
}
@article{Laine2010,
    author = "Laine, E and Goncalves, C and Karst, J C and Lesnard, A and Rault, S and Tang, W J and Malliavin, T E and Ladant, D and Blondel, A",
    title = "{Use of allostery to identify inhibitors of calmodulin-induced activation of Bacillus anthracis edema factor}",
    journal = "Proc Natl Acad Sci USA",
    year = "2010",
    volume = "107",
    number = "25",
    pages = "11277--11282",
}
@article{Lockless1999,
    author = "Lockless, S W and Ranganathan, R",
    title = "{Evolutionarily Conserved Pathways of Energetic Connectivity in Protein Families}",
    journal = "Science",
    year = "1999",
    volume = "286",
    pages = "295--299",
}
@article{Rodgers2013,
    author = "Rodgers, T L and Townsend, P D and Burnell, D and Jones, M L and Richards, S A and McLeish, T C B and Pohl, E and Wilson, M R and Cann, M J",
    title = "{Modulation of Global Low-Frequency Motions Underlies Allosteric Regulation: Demonstration in CRP/FNR Family Transcription Factors}",
    journal = "PLoS Biol",
    year = "2013",
    volume = "11",
    number = "9",
    pages = "e1001651",
}
@article{Zheng2007,
    author = "Zheng, W and Brooks, B R and Thirumalai, D",
    title = "{Allosteric Transitions in the Chaperonin {GroEL} are Captured by a Dominant Normal Mode that is Most Robust to Sequence Variations}",
    journal = "Biophysical J",
    year = "2007",
    volume = "93",
    number = "7",
    pages = "2289--2299",
}
@article{Hayward2008,
    author = "Hayward, S and de Groot, B L",
    title = "{Normal Modes and Essential Dynamics}",
    journal = "Methods in Molecular Biology",
    year = "2008",
    volume = "443",
    pages = "89--106",
}
@article{Bahar2005,
    author = "Bahar, I and Rader, A J",
    title = "{Coarse-grained normal mode analysis in structural biology}",
    journal = "Curr Opin Struc Biol",
    year = "2005",
    volume = "15",
    pages = "586--592",
}
@article{Collier2013,
    author = "Collier, G and Ortiz, V",
    title = "{Emerging computational approaches for the study of protein allostery}",
    journal = "Arch Biochem Biophys",
    year = "2013",
    volume = "538",
    pages = "6--15",
}
@article{Bakan2011,
    author = "Bakan, A and Meireles, L M and Bahar, I",
    title = "{ProDy: Protein Dynamics Inferred from Theory and Experiments}",
    journal = "Bioinformatics",
    year = "2011",
    volume = "27",
    number = "11",
    pages = "1575--1577",
}
@article{Tirion1996,
    author = "Tirion, M M",
    title = "{Large Amplitude Elastic Motions in Proteins from a Single-Parameter, Atomic Analysis}",
    journal = "Phys Rev Lett",
    year = "1996",
    volume = "77",
    number = "9",
    pages = "1905--1908",
}
@article{Joachims1998,
    author = "Joachims, T",
    title = "{Making Large-Scale SVM Learning Practical}",
    journal = "Advances in Kernel Methods - Support Vector Learning",
    year = "1998",
}
@article{Frank2004,
    author = "Frank, E and Hall, M and Trigg, L and Holmes, G and Witten, I H",
    title = "{Data mining in bioinformatics using Weka}",
    journal = "Bioinformatics",
    year = "2004",
    volume = "20",
    number = "15",
    pages = "2479--2481",
}
@article{TheUniProtConsortium2015,
    author = "{The UniProt Consortium}",
    title = "{UniProt: a hub for protein information}",
    journal = "Nucleic Acids Res",
    year = "2015",
    volume = "43",
    pages = "D204--D212",
}
@article{Gunasekaran2004,
    author = "Gunasekaran, K and Ma, B and Nussinov, R",
    title = "{Is Allostery an Intrinsic Property of All Dynamic Proteins?}",
    journal = "Proteins",
    year = "2004",
    volume = "57",
    pages = "433--443",
}
@article{Monod1965,
    author = "Monod, J and Wyman, J and Changeux, J P",
    title = "{On the nature of allosteric transitions: A plausible model}",
    journal = "J Mol Biol",
    year = "1965",
    volume = "12",
    pages = "88--118",
}
@article{Koshland1966,
    author = "Koshland, D E and N\'{e}methy, G  and Filmer, D",
    title = "{Comparison of experimental binding data and theoretical models in proteins containing subunits}",
    journal = "Biochemistry",
    year = "1966",
    volume = "5",
    number = "1",
    pages = "365--385",
}
@article{Perutz1970,
    author = "Perutz, M F",
    title = "{Stereochemistry of cooperative effects in haemoglobin}",
    journal = "Nature",
    year = "1970",
    volume = "228",
    number = "5273",
    pages = "726--739",
}
@article{Cooper1984,
    author = "Cooper, A and Dryden, D T",
    title = "{Allostery without conformational change: A plausible model}",
    journal = "Eur Biophys J",
    year = "1984",
    volume = "11",
    number = "2",
    pages = "103--109",
}
@article{Hilser2012,
    author = "Hilser, V J and Wrabl, J O and Motlagh, H N",
    title = "{Structural and energetic basis of allostery}",
    journal = "Annu Rev Biophys",
    year = "2012",
    volume = "41",
    pages = "585--609",
}
@article{Tsai2014,
    author = "Tsai, C J and Nussinov, R",
    title = "{A unified view of `how allostery works'}",
    journal = "PLoS Comput Biol",
    year = "2014",
    volume = "10",
    number = "2",
    pages = "e1003394",
}
@article{Conn2009,
    author = "Conn, P J and Christopoulos, A and Lindsley, C W",
    title = "{Allosteric modulators of GPCRs: a novel approach for the treatment of CNS disorders}",
    journal = "Nat Rev Drug Discov",
    year = "2009",
    volume = "8",
    number = "1",
    pages = "41--54",
}
@article{Manning2002,
    author = "Manning, G and Whyte, D B and Martinez, R and Hunter, T and Sudarsanam, S",
    title = "{The protein kinase complement of the human genome}",
    journal = "Science",
    year = "2002",
    volume = "298",
    pages = "1912--1934",
}
@article{Muller2015,
    author = "Muller, S and Chaikuad, A and Gray, N S and Knapp, S",
    title = "{The ins and outs of selective kinase inhibitor development}",
    journal = "Nat Chem Biol",
    year = "2015",
    volume = "11",
    pages = "818--821",
}
@article{Gavrin2013,
    author = "Gavrin, L K and Saiah, E",
    title = "{Approaches to discover non-ATP site kinase inhibitors}",
    journal = "Med Chem Commun",
    year = "2013",
    volume = "4",
    pages = "41--51",
}
@article{Converso2009,
    author = "Converso, A and Hartingh, T and Garbaccio, R M and Tasber, E and Rickert, K and Fraley, M E and Yan, Y and Kreatsoulas, C and Stirdivant, S and Drakas, B and Walsh, E S and Hamilton, K and Buser, C A and Mao, X and Abrams, M T and Beck, S C and Tao, W and Lobell, R  and Sepp-Lorenzino, L and Zugay-Murphy, J and Sardana, V and Munshi, S K and Jezequel-Sur, S M and Zuck, P D and Hartman, G D",
    title = "{Development of thioquinazolinones, allosteric Chk1 kinase inhibitors}",
    journal = "Bioorg Med Chem Lett",
    year = "2009",
    volume = "19",
    number = "4",
    pages = "1240--1244",
}
@article{Vanderpool2009,
    author = "Vanderpool, D and Johnson, T O and Ping, C and Bergqvist, S and Alton, G and Phonephaly, S and Rui, E and Luo, C and Deng, Y L and Grant, S and Quenzer, T and Margosiak, S and Register, J and Brown, E and Ermolieff, J",
    title = "{Characterization of the CHK1 allosteric inhibitor binding site}",
    journal = "Biochemistry",
    year = "2009",
    volume = "48",
    number = "41",
    pages = "9823--9830",
}
@article{Zhang2010,
    author = "Zhang, J and Adrian, F J and Jahnke, W and Cowan-Jacob, S W and Li, A G and Iacob, R E and Sim, T and Powers, J and Dierks, C and Sun, F and Guo, G R and Ding, Q and Okram, B and Choi, Y and Wojciechowski, A and Deng, X and Liu, G and Fendrich, G and Strauss, A and Vajpai, N and Grzesiek, S and Tuntland, T and Liu, Y and Bursulaya, B and Azam, M and Manley, P W and Engen, J R and Daley, G Q and Warmuth, M and Gray, N S",
    title = "{Targeting Bcr-Abl by combining allosteric with ATP-binding-site inhibitors}",
    journal = "Nature",
    year = "2010",
    volume = "463",
    number = "7280",
    pages = "501--506",
}
@article{Yang2011,
    author = "Yang, J and Campobasso, N and Biju, M P and Fisher, K and Pan, X Q and Cottom, J and Galbraith, S and Ho, T and Zhang, H and Hong, X and Ward, P and Hofmann, G and Siegfried, B and Zappacosta, F and Washio, Y and Cao, P and Qu, J and Bertrand, S and Wang, D Y and Head, M S and Li, H and Moores, S and Lai, Z and Johanson, K and Burton, G and Erickson-Miller, C and Simpson, G and Tummino, P and Copeland, R A and Oliff, A",
    title = "{Discovery and characterization of a cell-permeable, small-molecule c-Abl kinase activator that binds to the myristoyl binding site}",
    journal = "Chem Biol",
    year = "2011",
    volume = "18",
    number = "2",
    pages = "177--186",
}
@article{Comess2011,
    author = "Comess, K M and Sun, C and Abad-Zapatero, C and Goedken, E R and Gum, R J and Borhani, D W and Argiriadi, M and Groebe, D R and Jia, Y and Clampit, J E and Haasch, D L and Smith, H T and Wang, S and Song, D and Coen, M L and Cloutier, T E and Tang, H and Cheng, X and Quinn, C and Liu, B and Xin, Z and Liu, G and Fry, E H and Stoll, V and Ng, T I and Banach, D and Marcotte, D and Burns, D J and Calderwood, D J and Hajduk, P J",
    title = "{Discovery and characterization of non-ATP site inhibitors of the mitogen activated protein (MAP) kinases}",
    journal = "ACS Chem Biol",
    year = "2011",
    volume = "6",
    number = "3",
    pages = "234--244",
}
@article{Betzi2011,
    author = "Betzi, S and Alam, R and Martin, M and Lubbers, D J and Han, H and Jakkaraj, S R and Georg, G I and Schonbrunn, E",
    title = "{Discovery of a potential allosteric ligand binding site in CDK2}",
    journal = "ACS Chem Biol",
    year = "2011",
    volume = "6",
    pages = "492--501",
}
@article{Lamba2012,
    author = "Lamba, V and Ghosh, I",
    title = "{New directions in targeting protein kinases: focusing upon true allosteric and bivalent inhibitors}",
    journal = "Curr Pharm Des",
    year = "2012",
    volume = "18",
    pages = "2936--2945",
}
@article{Hill2009,
    author = "Hill, Z B and Perera, B G and Maly, D J",
    title = "{A chemical genetic method for generating bivalent inhibitors of protein kinases}",
    journal = "J Am Chem Soc",
    year = "2009",
    volume = "131",
    pages = "6686--6688",
}
@article{Kidd2009,
    author = "Kidd, B A and Baker, D and Thomas, W E",
    title = "{Computation of Conformational Coupling in Allosteric Proteins}",
    journal = "PLoS Comput Biol",
    year = "2009",
    volume = "5",
    number = "8",
    pages = "e1000484",
}
@article{DeGroot1997,
    author = "de Groot, B L and van Aalten, D M and Scheek, R M and Amadei, A and Vriend, G and Berendsen, H J",
    title = "{Prediction of protein conformational freedom from distance constraints}",
    journal = "Proteins",
    year = "1997",
    volume = "29",
    number = "2",
    pages = "240--251",
}
@article{Seeliger2007,
    author = "Seeliger, D and Haas, J and de Groot, B L",
    title = "{Geometry-based sampling of conformational transitions in proteins}",
    journal = "Structure",
    year = "2007",
    volume = "15",
    number = "11",
    pages = "1482--1492",
}
@article{Kruger2012,
    author = "Kruger, D M and Ahmed, A and Gohlke, H",
    title = "{NMSim web server: integrated approach for normal mode-based geometric simulations of biologically relevant conformational transitions in proteins}",
    journal = "Nucleic Acids Res",
    year = "2012",
    volume = "40",
    pages = "W310--W316",
}
@article{Totrov2008,
    author = "Totrov, M and Abagyan, R",
    title = "{Flexible ligand docking to multiple receptor conformations: a practical alternative}",
    journal = "Curr Opin Struct Biol",
    year = "2008",
    volume = "18",
    pages = "178--184",
}
@article{Agrafiotis2013,
    author = "Agrafiotis, D K and Bandyopadhyay, D and Yang, E",
    title = "{Stochastic proximity embedding: a simple, fast and scalable algorithm for solving the distance geometry problem}",
    journal = "Distance Geometry: Theory, Methods and Applications (Springer)",
    year = "2013",
}
@article{Laskowski1993,
    author = "Laskowski, R A and MacArthur, M W and Moss, D S and Thornton, J M",
    title = "{PROCHECK: a program to check the stereochemical quality of protein structures}",
    journal = "J Appl Cryst",
    year = "1993",
    volume = "26",
    pages = "283--291",
}
@article{Bakan2009,
    author = "Bakan, A and Bahar, I",
    title = "{The intrinsic dynamics of enzymes plays a dominant role in determining the structural changes induced upon inhibitor binding}",
    journal = "Proc Natl Acad Sci USA",
    year = "2009",
    volume = "106",
    number = "34",
    pages = "14349--14354",
}
@article{Kabsch1976,
    author = "Kabsch W",
    title = "{A solution for the best rotation to relate two sets of vectors}",
    journal = "Acta Cryst",
    year = "1976",
    volume = "32",
    number = "922",
}
@article{Hendlich1997,
    author = "Hendlich, M and Rippmann, F and Barnickel, G",
    title = "{LIGSITE: automatic and efficient detection of potential small molecule-binding sites in proteins}",
    journal = "J Mol Graph Model",
    year = "1997",
    volume = "15",
    pages = "359--363",
}
@article{Furnham2014,
    author = "Furnham, N and Holliday, G L and {de Beer}, T A P and Jacobsen, J O B and Pearson, W R and Thornton, J M",
    title = "{The Catalytic Site Atlas 2.0: cataloging catalytic sites and residues identified in enzymes}",
    journal = "Nucleic Acids Res",
    year = "2014",
    volume = "42",
    pages = "D485--D489",
}
@article{DeGroot1998,
    author = "de Groot, B L and Hayward, S and van Aalten, D M and Amadei, A and Berendsen, H J",
    title = "{Domain motions in bacteriophage T4 lysozyme: a comparison between molecular dynamics and crystallographic data}",
    journal = "Proteins",
    year = "1998",
    volume = "31",
    pages = "116--127",
}
@article{Seeliger2009,
    author = "Seeliger, D and de Groot, B L",
    title = "{tCONCOORD-GUI: Visually Supported Conformational Sampling of Bioactive Molecules}",
    journal = "J Comput Chem",
    year = "2009",
    volume = "30",
    pages = "1160--1166",
}
@article{Rastelli2014,
    author = "Rastelli, G and Anighoro, A and Chripkova, M and Carrassa, L and Broggini, M",
    title = "{Structure-based discovery of the first allosteric inhibitors of cyclin-dependent kinase 2}",
    journal = "Cell Cycle",
    year = "2014",
    volume = "13",
    number = "14",
    pages = "2296--2305",
}
@article{Pitt2014,
    author = "Pitt, W R and Montalv\~{a}o, R W and Blundell, T L",
    title = "{Polyphony: superposition independent methods for ensemble-based drug discovery}",
    journal = "BMC Bioinformatics",
    year = "2014",
    volume = "15",
    number = "324",
    pages = "1--18",
}
@article{Kern1999,
    author = "Kern, D and Volkman, B F and Luginbuhl, P and Nohaile, M J and Kustu, S and Wemmer, D E",
    title = "{Structure of a transiently phosphorylated switch in bacterial signal transduction}",
    journal = "Nature",
    year = "1999",
    volume = "402",
    pages = "894--898",
}
@article{Volkman2001,
    author = "Volkman, B F and Lipson, D and Wemmer, D E and Kern, D",
    title = "{Two-state allosteric behavior in a single-domain signaling protein}",
    journal = "Science",
    year = "2001",
    volume = "291",
    pages = "2429--2433",
}
@article{DeBakker2006,
    author = "de Bakker, P I W  and Furnham, N and Blundell, T L and DePristo, M A",
    title = "{Conformer generation under restraints}",
    journal = "Curr Opin Struct Biol",
    year = "2006",
    volume = "16",
    pages = "160--165",
}
@article{DeGroot1999,
    author = "de Groot, B L and Vriend, G and Berendsen, H J",
    title = "{Conformational changes in the chaperonin GroEL: new insights into the allosteric mechanism}",
    journal = "J Mol Biol",
    year = "1999",
    volume = "286",
    pages = "1241--1249",
}
@article{Seeliger2010,
    author = "Seeliger, D and de Groot, B L",
    title = "{Conformational transitions upon ligand binding: holo-structure prediction from apo conformations}",
    journal = "PLoS Comput Biol",
    year = "2010",
    volume = "6",
    number = "1",
    pages = "e1000634",
}
@article{Grove2013,
    author = "Grove, L E and Hall, D R and Beglov, D and Vajda, S and Kozakov, D",
    title = "{FTFlex: accounting for binding site flexibility to improve fragment-based identification of druggable hot spots}",
    journal = "Bioinformatics",
    year = "2013",
    volume = "29",
    number = "9",
    pages = "1218--1219",
}
@article{Bowman2012,
    author = "Bowman, G R and Geissler, P L",
    title = "{Equilibrium fluctuations of a single folded protein reveal a multitude of potential cryptic allosteric sites}",
    journal = "Proc Natl Acad Sci USA",
    year = "2012",
    volume = "109",
    number = "29",
    pages = "11681--11686",
}
@article{Schmidtke2011,
    author = "Schmidtke, P and Bidon-Chanal, A and Luque, F J and Barril, X",
    title = "{MDpocket: open-source cavity detection and characterization on molecular dynamics trajectories}",
    journal = "Bioinformatics",
    year = "2011",
    volume = "27",
    number = "23",
    pages = "3276--3285",
}
@article{Okazaki2008,
    author = "Okazaki, K and Takada, S",
    title = "{Dynamic energy landscape view of coupled binding and protein conformational change: induced-fit versus population-shift mechanisms}",
    journal = "Proc Natl Acad Sci USA",
    year = "2008",
    volume = "105",
    number = "32",
    pages = "11182--11187",
}
@article{Touw2015,
    author = "Touw, W G and Baakman, C and Black, J and te Beek, T A and Krieger, E and Joosten, R P and Vriend, G",
    title = "{A series of PDB-related databanks for everyday needs}",
    journal = "Nucleic Acids Res",
    year = "2015",
    volume = "43",
    pages = "D364--D368",
}
@article{Atilgan2010,
    author = "Atilgan, C and Gerek, Z N and Ozkan, S B and Atilgan, A R",
    title = "{Manipulation of conformational change in proteins by single-residue perturbations}",
    journal = "Biophysical J",
    year = "2010",
    volume = "99",
    number = "3",
    pages = "933--943",
}
@article{Henzler-Wildman2007,
    author = "Henzler-Wildman, K and Kern, D",
    title = "{Dynamic personalities of proteins}",
    journal = "Nature",
    year = "2007",
    volume = "450",
    number = "7172",
    pages = "964--972",
}
@article{Henzler-Wildman2007a,
    author = "Henzler-Wildman, K A and Thai, V and Lei, M and Ott, M and Wolf-Watz, M and Fenn, T and Pozharski, E and Wilson, M A and Petsko, G A and Karplus, M and Hubner, C G and Kern, D",
    title = "{Intrinsic motions along an enzymatic reaction trajectory}",
    journal = "Nature",
    year = "2007",
    volume = "450",
    number = "7171",
    pages = "838--844",
}
@article{Maximova2016,
    author = "Maximova, T and Moffatt, R and Ma, B and Nussinov, R and Shehu, A",
    title = "{Principles and Overview of Sampling Methods for Modeling Macromolecular Structure and Dynamics}",
    journal = "PLoS Comput Biol",
    year = "2016",
    volume = "12",
    number = "4",
    pages = "e1004619",
}
@article{Weiss2009,
    author = "Weiss, D R and Levitt, M",
    title = "{Can morphing methods predict intermediate structures?}",
    journal = "J Mol Biol",
    year = "2009",
    volume = "385",
    number = "2",
    pages = "665--674",
}
@article{Yang2007,
    author = "Yang, L and Song, G and Jernigan, R L",
    title = "{How well can we understand large-scale protein motions using normal modes of elastic network models?}",
    journal = "Biophysical J",
    year = "2007",
    volume = "93",
    number = "3",
    pages = "920--929",
}
@article{Ahmed2011,
    author = "Ahmed, A and Rippmann, F and Barnickel, G and Gohlke, H",
    title = "{A normal mode-based geometric simulation approach for exploring biologically relevant conformational transitions in proteins}",
    journal = "J Chem Inf Model",
    year = "2011",
    volume = "51",
    number = "7",
    pages = "1604--1622",
}
@article{Jacobs2001,
    author = "Jacobs, D J and Rader, A J and Kuhn, L A and Thorpe, M F",
    title = "{Protein flexibility predictions using graph theory}",
    journal = "Proteins",
    year = "2001",
    volume = "44",
    number = "2",
    pages = "150--165",
}
@article{Wei2016,
    author = "Wei, G and Xi, W and Nussinov, R and Ma, B",
    title = "{Protein Ensembles: How Does Nature Harness Thermodynamic Fluctuations for Life? The Diverse Functional Roles of Conformational Ensembles in the Cell}",
    journal = "Chem Rev",
    year = "2016",
    volume = "116",
    number = "11",
    pages = "6516--6551",
}
@article{Louet2015,
    author = "Louet, M and Seifert, C and Hensen, U and Grater, F",
    title = "{Dynamic Allostery of the Catabolite Activator Protein Revealed by Interatomic Forces}",
    journal = "PLoS Comput Biol",
    year = "2015",
    volume = "11",
    number = "8",
    pages = "e1004358",
}
@article{Mustard2005,
    author = "Mustard, D and Ritchie, D W",
    title = "{Docking Essential Dynamics Eigenstructures}",
    journal = "Proteins",
    year = "2005",
    volume = "60",
    number = "2",
    pages = "269--274",
}
@article{Esposito2006,
    author = "Esposito, E X and Tobi, D and Madura, J D",
    title = "{Comparative Protein Modeling}",
    journal = "Rev Comp Ch",
    year = "2006",
    volume = "22",
    number = "2",
    pages = "57--168",
}
@article{Peyressatre2015,
    author = "Peyressatre, M and Pr\'{e}vel, C and Pellerano, M and Morris, M C",
    title = "{Targeting Cyclin-Dependent Kinases in Human Cancers: From Small Molecules to Peptide Inhibitors}",
    journal = "Cancers",
    year = "2015",
    volume = "7",
    pages = "179--237",
}
@article{Abraham2015,
    author = "Abraham, M J and Murtola, T and Schulz, R and P\'{a}ll, S and Smith, J C and Hess, B and Lindahl, E",
    title = "{GROMACS: High performance molecular simulations through multi-level parallelism from laptops to supercomputers}",
    journal = "SoftwareX",
    year = "2015",
    volume = "1-2",
    pages = "19--25",
}
@article{Tribello2014,
    author = "Tribello, G A and Bonomi, M and Branduardi, D and Camilloni, C and Bussi, G",
    title = "{PLUMED 2: New feathers for an old bird}",
    journal = "Comput Phys Commun",
    year = "2014",
    volume = "185",
    pages = "604--613",
}
@article{Sterling2015,
    author = "Sterling, T and Irwin, J J",
    title = "{ZINC 15 - Ligand Discovery for Everyone}",
    journal = "J Chem Inf Model",
    year = "2015",
    volume = "55",
    number = "11",
    pages = "2324--2337",
}
@article{Trott2010,
    author = "Trott, O and Olson, A J",
    title = "{AutoDock Vina: improving the speed and accuracy of docking with a new scoring function, efficient optimization, and multithreading}",
    journal = "J Comput Chem",
    year = "2010",
    volume = "31",
    number = "2",
    pages = "455--461",
}
@article{Daina2017,
    author = "Daina, A and Michielin, O and Zoete, V",
    title = "{SwissADME: a free web tool to evaluate pharmacokinetics, drug-likeness and medicinal chemistry friendliness of small molecules}",
    journal = "Sci Rep",
    year = "2017",
    volume = "7",
    pages = "42717",
}
@article{Allen2015,
    author = "Allen, W J and Balius, T E and Mukherjee, S and Brozell, S R and Moustakas, D T and Lang, P T and Case, D A and Kuntz, I D and Rizzo, R C",
    title = "{DOCK 6: Impact of new features and current docking performance}",
    journal = "J Comput Chem",
    year = "2015",
    volume = "36",
    number = "15",
    pages = "1132--1156",
}
@article{Backman2011,
    author = "Backman, T W and Cao, Y and Girke, T",
    title = "{ChemMine tools: an online service for analyzing and clustering small molecules}",
    journal = "Nucleic Acids Res",
    year = "2011",
    volume = "39",
    pages = "W486--W491",
}
@article{Kelley2015,
    author = "Kelley, L A and Mezulis, S and Yates, C M and Wass, M N and Sternberg, M J",
    title = "{The Phyre2 web portal for protein modeling, prediction and analysis}",
    journal = "Nat Protoc",
    year = "2015",
    volume = "10",
    number = "6",
    pages = "845--858",
}
@article{Gajda2013,
    author = "Gajda, M J",
    title = "{hPDB - Haskell library for processing atomic biomolecular structures in protein data bank format}",
    journal = "BMC Res Notes",
    year = "2013",
    volume = "6",
    pages = "483",
}
@article{Cock2009,
    author = "Cock, P J and Antao, T and Chang, J T and Chapman, B A and Cox, C J and Dalke, A and Friedberg, I and Hamelryck, T and Kauff, F and Wilczynski, B and de Hoon, M J",
    title = "{Biopython: freely available Python tools for computational molecular biology and bioinformatics}",
    journal = "Bioinformatics",
    year = "2009",
    volume = "25",
    number = "11",
    pages = "1422--1423",
}
@article{Jeffrey1995,
    author = "Jeffrey, P D and Russo, A A and Polyak, K and Gibbs, E and Hurwitz, J and Massague, J and Pavletich, N P",
    title = "{Mechanism of CDK activation revealed by the structure of a cyclinA-CDK2 complex}",
    journal = "Nature",
    year = "1995",
    volume = "376",
    number = "6538",
    pages = "313--320",
}
@article{Baell2014,
    author = "Baell, J and Walters, M A",
    title = "{Chemical con artists foil drug discovery}",
    journal = "Nature",
    year = "2014",
    volume = "513",
    number = "7519",
    pages = "481--483",
}
@article{Dziubinski2016,
    author = "Dziubi\'{n}ski, M and Daniluk, P and Lesyng, B",
    title = "{ResiCon: a method for the identification of dynamic domains, hinges and interfacial regions in proteins}",
    journal = "Bioinformatics",
    year = "2016",
    volume = "32",
    number = "1",
    pages = "25--34",
}
@article{Radoux2016,
    author = "Radoux, C J and Olsson, T S and Pitt, W R and Groom, C R and Blundell, T L",
    title = "{Identifying Interactions that Determine Fragment Binding at Protein Hotspots}",
    journal = "J Med Chem",
    year = "2016",
    volume = "59",
    number = "9",
    pages = "4314--4325",
}
